@book{sicp,
	author = {Abelson, Harold and Sussmann, Gerald Jay and Sussmann, Julie},
	title = {Structure and Interpretation of Computer Programs},
	year = {1996},
	isbn = {978-0-262-51087-5},
	edition = {2},
	publisher = {MIT Press},
	shorthand = {Abe96}
} 